{
  "leader": "03977cam a22004451i 4500",
  "fields": [
    {
      "001": "ocm00440136\\"
    },
    {
      "003": "OCoLC"
    },
    {
      "005": "20220104092442.0"
    },
    {
      "008": "700914s1968\\\\\\\\nyu\\\\\\\\\\\\b\\\\\\\\001\\0\\eng\\\\"
    },
    {
      "010": {
        "ind1": "\\",
        "ind2": "\\",
        "subfields": [
          {
            "a": "   68017775 "
          }
        ]
      }
    },
    {
      "040": {
        "ind1": "\\",
        "ind2": "\\",
        "subfields": [
          {
            "a": "DLC"
          },
          {
            "b": "eng"
          },
          {
            "c": "DLC"
          },
          {
            "d": "MUQ"
          },
          {
            "d": "NLGGC"
          },
          {
            "d": "WY@"
          },
          {
            "d": "CHRRO"
          },
          {
            "d": "NCA"
          },
          {
            "d": "CFT"
          },
          {
            "d": "OCLCF"
          },
          {
            "d": "OCLCQ"
          },
          {
            "d": "OCLCO"
          },
          {
            "d": "DEBBG"
          },
          {
            "d": "OCLCO"
          },
          {
            "d": "OCLCQ"
          },
          {
            "d": "CSJ"
          },
          {
            "d": "OCLCQ"
          },
          {
            "d": "KFH"
          },
          {
            "d": "OCLCQ"
          },
          {
            "d": "WYU"
          },
          {
            "d": "BDP"
          },
          {
            "d": "YBM"
          },
          {
            "d": "OCLCQ"
          },
          {
            "d": "OCLCO"
          }
        ]
      }
    },
    {
      "019": {
        "ind1": "\\",
        "ind2": "\\",
        "subfields": [
          {
            "a": "717893722"
          }
        ]
      }
    },
    {
      "035": {
        "ind1": "\\",
        "ind2": "\\",
        "subfields": [
          {
            "a": "(OCoLC)440136"
          },
          {
            "z": "(OCoLC)717893722"
          }
        ]
      }
    },
    {
      "043": {
        "ind1": "\\",
        "ind2": "\\",
        "subfields": [
          {
            "a": "n-us---"
          }
        ]
      }
    },
    {
      "050": {
        "ind1": "0",
        "ind2": "0",
        "subfields": [
          {
            "a": "BX6.5"
          },
          {
            "b": ".C37"
          }
        ]
      }
    },
    {
      "055": {
        "ind1": "\\",
        "ind2": "4",
        "subfields": [
          {
            "a": "BX6.5 C39"
          }
        ]
      }
    },
    {
      "072": {
        "ind1": "\\",
        "ind2": "7",
        "subfields": [
          {
            "a": "s1th"
          },
          {
            "2": "rero"
          }
        ]
      }
    },
    {
      "082": {
        "ind1": "0",
        "ind2": "0",
        "subfields": [
          {
            "a": "262.001"
          },
          {
            "b": "CAV"
          }
        ]
      }
    },
    {
      "100": {
        "ind1": "1",
        "ind2": "\\",
        "subfields": [
          {
            "a": "Cavert, Samuel McCrea,"
          },
          {
            "d": "1888-1976."
          }
        ]
      }
    },
    {
      "245": {
        "ind1": "1",
        "ind2": "4",
        "subfields": [
          {
            "a": "The American churches in the ecumenical movement, 1900-1968 /"
          },
          {
            "c": "Samuel McCrea Cavert."
          }
        ]
      }
    },
    {
      "260": {
        "ind1": "\\",
        "ind2": "\\",
        "subfields": [
          {
            "a": "New York :"
          },
          {
            "b": "Association Press,"
          },
          {
            "c": "[1968]"
          }
        ]
      }
    },
    {
      "300": {
        "ind1": "\\",
        "ind2": "\\",
        "subfields": [
          {
            "a": "288 pages ;"
          },
          {
            "c": "26 cm"
          }
        ]
      }
    },
    {
      "336": {
        "ind1": "\\",
        "ind2": "\\",
        "subfields": [
          {
            "a": "text"
          },
          {
            "b": "txt"
          },
          {
            "2": "rdacontent"
          }
        ]
      }
    },
    {
      "337": {
        "ind1": "\\",
        "ind2": "\\",
        "subfields": [
          {
            "a": "unmediated"
          },
          {
            "b": "n"
          },
          {
            "2": "rdamedia"
          }
        ]
      }
    },
    {
      "338": {
        "ind1": "\\",
        "ind2": "\\",
        "subfields": [
          {
            "a": "volume"
          },
          {
            "b": "nc"
          },
          {
            "2": "rdacarrier"
          }
        ]
      }
    },
    {
      "504": {
        "ind1": "\\",
        "ind2": "\\",
        "subfields": [
          {
            "a": "Includes bibliographical references."
          }
        ]
      }
    },
    {
      "505": {
        "ind1": "0",
        "ind2": "\\",
        "subfields": [
          {
            "a": "Introduction / Robert T. Handy -- The Nineteenth-century background : A New relation to the Church and State -- The Denominational pattern -- Denominational barriers ignored -- Denominational polemics -- The Evangelical alliance -- New forms of Christian cooperation -- A Vision of organic union -- Response to the social challenge -- Denominations under self-criticism -- The Churches Begin To Work Together (1900-1907) : A Quest for national unity -- A Quest for local unity -- Antecedents of federation -- Prospecting for a federated structure -- Planning the federated structure -- The Theological basis -- Attitudes toward the denomination."
          }
        ]
      }
    },
    {
      "505": {
        "ind1": "0",
        "ind2": "\\",
        "subfields": [
          {
            "a": "The Churches Federate (1908-1914) : An Unprecedented gathering -- Accent on social tasks -- The Church and labor -- Concern for evangelism and missions -- Divergent views of denominations -- Relation of national and local agencies -- A Struggle for federated survival -- The Threat of insolvency -- Surmounting obstacles -- Forward On All Fronts (1908-1914, continued) : Early cooperation in home missions -- Early cooperation in religious education -- Early cooperation in higher education -- World-wide cooperation in foreign missions -- The Beginnings of faith and order."
          }
        ]
      }
    },
    {
      "505": {
        "ind1": "0",
        "ind2": "\\",
        "subfields": [
          {
            "a": "Wartime Testing Of Church Cooperation (1914-1918) : War clouds over plans for peace -- Facing the crisis together -- Emerging wartime tasks -- Ministering to the armed forces -- Other wartime ministries -- Forerunners of ecumenical action -- Where the war left the churches -- Testing By Postwar Disillusionment (119-1924) : Collapse of postwar crusades -- Theological conflict failure of interchurch world movement -- Steel strike investigation -- Abortive plan for organic union -- Some hopeful trends -- Advance in faith and order -- Beginnings of life and work -- Formation of international missionary council."
          }
        ]
      }
    },
    {
      "505": {
        "ind1": "0",
        "ind2": "\\",
        "subfields": [
          {
            "a": "Widening Ecumenical Horizons (1925-1929) : the Changing status of American Catholics -- Eastern Orthodox enter the scene -- The Influence of world conferences -- Impact of Stockholm, 1925 -- Impact of Lausanne, 1927 -- Impact of Jerusalem, 1928 -- Recession And Rethinking (1930-1935) : Rethinking foreign missions -- Rethinking home missions -- Rethinking religious education -- Rethinking the social gospel -- Rethinking church federation and union -- Rethinking local union -- Strains and stresses."
          }
        ]
      }
    },
    {
      "650": {
        "ind1": "\\",
        "ind2": "0",
        "subfields": [
          {
            "a": "Ecumenical movement"
          },
          {
            "x": "History."
          }
        ]
      }
    },
    {
      "650": {
        "ind1": "\\",
        "ind2": "0",
        "subfields": [
          {
            "a": "Christian union"
          },
          {
            "z": "United States."
          }
        ]
      }
    },
    {
      "650": {
        "ind1": "\\",
        "ind2": "7",
        "subfields": [
          {
            "a": "Christian union."
          },
          {
            "2": "fast"
          },
          {
            "0": "(OCoLC)fst00859554"
          }
        ]
      }
    },
    {
      "650": {
        "ind1": "\\",
        "ind2": "7",
        "subfields": [
          {
            "a": "Ecumenical movement."
          },
          {
            "2": "fast"
          },
          {
            "0": "(OCoLC)fst00902390"
          }
        ]
      }
    },
    {
      "651": {
        "ind1": "\\",
        "ind2": "7",
        "subfields": [
          {
            "a": "United States."
          },
          {
            "2": "fast"
          },
          {
            "0": "(OCoLC)fst01204155"
          }
        ]
      }
    },
    {
      "655": {
        "ind1": "\\",
        "ind2": "7",
        "subfields": [
          {
            "a": "History."
          },
          {
            "2": "fast"
          },
          {
            "0": "(OCoLC)fst01411628"
          }
        ]
      }
    },
    {
      "776": {
        "ind1": "0",
        "ind2": "8",
        "subfields": [
          {
            "i": "Online version:"
          },
          {
            "a": "Cavert, Samuel McCrea, b. 1888."
          },
          {
            "t": "American churches in the ecumenical movement, 1900-1968."
          },
          {
            "d": "New York, Association Press [1968]"
          },
          {
            "w": "(OCoLC)742493392"
          }
        ]
      }
    },
    {
      "994": {
        "ind1": "\\",
        "ind2": "\\",
        "subfields": [
          {
            "a": "Z0"
          },
          {
            "b": "NYRVC"
          }
        ]
      }
    },
    {
      "948": {
        "ind1": "\\",
        "ind2": "\\",
        "subfields": [
          {
            "h": "NO HOLDINGS IN NYRVC - 716 OTHER HOLDINGS"
          }
        ]
      }
    },
    {
      "999": {
        "ind1": "\\",
        "ind2": "\\",
        "subfields": [
          {
            "a": "00000000015124"
          }
        ]
      }
    }
  ]
}